@ARTICLE{fletcher2011,
   author = {{Fletcher}, L. and {Dennis}, B.~R. and {Hudson}, H.~S. and {Krucker}, S. and 
	{Phillips}, K. and {Veronig}, A. and {Battaglia}, M. and {Bone}, L. and 
	{Caspi}, A. and {Chen}, Q. and {Gallagher}, P. and {Grigis}, P.~T. and 
	{Ji}, H. and {Liu}, W. and {Milligan}, R.~O. and {Temmer}, M.
	},
    title = "{An Observational Overview of Solar Flares}",
  journal = {Space Sciences Review},
archivePrefix = "arXiv",
   eprint = {1109.5932},
 primaryClass = "astro-ph.SR",
 keywords = {Sun},
     year = 2011,
    month = sep,
   volume = 159,
    pages = {19-106},
      doi = {10.1007/s11214-010-9701-8},
   adsurl = {http://adsabs.harvard.edu/abs/2011SSRv..159...19F},
  adsnote = {Provided by the SAO/NASA Astrophysics Data System}
}

@ARTICLE{inglis2015,
   author = {{Inglis}, A.~R. and {Ireland}, J. and {Dominique}, M.},
    title = "{Quasi-periodic Pulsations in Solar and Stellar Flares: Re-evaluating their Nature in the Context of Power-law Flare Fourier Spectra}",
  journal = {ApJ},
archivePrefix = "arXiv",
   eprint = {1410.8162},
 primaryClass = "astro-ph.SR",
 keywords = {stars: flare, stars: oscillations, Sun: corona, Sun: flares, Sun: oscillations, Sun: UV radiation, Sun: X-rays, gamma rays},
     year = 2015,
    month = jan,
   volume = 798,
      eid = {108},
    pages = {108},
      doi = {10.1088/0004-637X/798/2/108},
   adsurl = {http://adsabs.harvard.edu/abs/2015ApJ...798..108I},
  adsnote = {Provided by the SAO/NASA Astrophysics Data System}
}

@ARTICLE{nakariakov2009,
   author = {{Nakariakov}, V.~M. and {Melnikov}, V.~F.},
    title = "{Quasi-Periodic Pulsations in Solar Flares}",
  journal = {Space Sciences Reviews},
 keywords = {Magnetohydrodynamics and plasmas, Flares, Magnetohydrodynamic waves, Magnetic reconnection},
     year = 2009,
    month = dec,
   volume = 149,
    pages = {119-151},
      doi = {10.1007/s11214-009-9536-3},
   adsurl = {http://adsabs.harvard.edu/abs/2009SSRv..149..119N},
  adsnote = {Provided by the SAO/NASA Astrophysics Data System}
}

@ARTICLE{inglis2009,
   author = {{Inglis}, A.~R. and {Nakariakov}, V.~M.},
    title = "{A multi-periodic oscillatory event in a solar flare}",
  journal = {A\&A},
 keywords = {Sun: flares, Sun: oscillations, waves, Sun: corona, magnetohydrodynamics (MHD)},
     year = 2009,
    month = jan,
   volume = 493,
    pages = {259-266},
      doi = {10.1051/0004-6361:200810473},
   adsurl = {http://adsabs.harvard.edu/abs/2009A%26A...493..259I},
  adsnote = {Provided by the SAO/NASA Astrophysics Data System}
}


@ARTICLE{inglis2008,
   author = {{Inglis}, A.~R. and {Nakariakov}, V.~M. and {Melnikov}, V.~F.
	},
    title = "{Multi-wavelength spatially resolved analysis of quasi-periodic pulsations in a solar flare}",
  journal = {A\&A},
 keywords = {Sun: flares, Sun: oscillations, waves, Sun: corona, magnetohydrodynamics (MHD)},
     year = 2008,
    month = sep,
   volume = 487,
    pages = {1147-1153},
      doi = {10.1051/0004-6361:20079323},
   adsurl = {http://adsabs.harvard.edu/abs/2008A%26A...487.1147I},
  adsnote = {Provided by the SAO/NASA Astrophysics Data System}
}

@ARTICLE{mcateer2007,
   author = {{McAteer}, R.~T.~J. and {Young}, C.~A. and {Ireland}, J. and 
	{Gallagher}, P.~T.},
    title = "{The Bursty Nature of Solar Flare X-Ray Emission}",
  journal = {ApJ},
 keywords = {Methods: Statistical, Sun: Activity, Sun: Flares},
     year = 2007,
    month = jun,
   volume = 662,
    pages = {691-700},
      doi = {10.1086/518086},
   adsurl = {http://adsabs.harvard.edu/abs/2007ApJ...662..691M},
  adsnote = {Provided by the SAO/NASA Astrophysics Data System}
}

@ARTICLE{aschwanden1998,
   author = {{Aschwanden}, M.~J. and {Dennis}, B.~R. and {Benz}, A.~O.},
    title = "{Logistic Avalanche Processes, Elementary Time Structures, and Frequency Distributions in Solar Flares}",
  journal = {ApJ},
 keywords = {INSTABILITIES, METHODS: STATISTICAL, SUN: FLARES, SUN: RADIO RADIATION, SUN: X-RAYS, GAMMA RAYS, Instabilities, Methods: Statistical, Sun: Flares, Sun: Radio Radiation, Sun: X-Rays, Gamma Rays},
     year = 1998,
    month = apr,
   volume = 497,
    pages = {972-993},
      doi = {10.1086/305484},
   adsurl = {http://adsabs.harvard.edu/abs/1998ApJ...497..972A},
  adsnote = {Provided by the SAO/NASA Astrophysics Data System}
}

@ARTICLE{mathioudakis2006,
   author = {{Mathioudakis}, M. and {Bloomfield}, D.~S. and {Jess}, D.~B. and 
	{Dhillon}, V.~S. and {Marsh}, T.~R.},
    title = "{The periodic variations of a white-light flare observed with ULTRACAM}",
  journal = {A\&A},
   eprint = {astro-ph/0605196},
 keywords = {waves, stars: activity, stars: atmospheres, stars: flare, stars: individual: EQ Pegasi},
     year = 2006,
    month = sep,
   volume = 456,
    pages = {323-327},
      doi = {10.1051/0004-6361:20054752},
   adsurl = {http://adsabs.harvard.edu/abs/2006A%26A...456..323M},
  adsnote = {Provided by the SAO/NASA Astrophysics Data System}
}

@ARTICLE{kowalski2010,
   author = {{Kowalski}, A.~F. and {Hawley}, S.~L. and {Holtzman}, J.~A. and 
	{Wisniewski}, J.~P. and {Hilton}, E.~J.},
    title = "{A White Light Megaflare on the dM4.5e Star YZ CMi}",
  journal = {ApJL},
archivePrefix = "arXiv",
   eprint = {1003.3057},
 primaryClass = "astro-ph.SR",
 keywords = {stars: atmospheres, stars: flare, stars: late-type},
     year = 2010,
    month = may,
   volume = 714,
    pages = {L98-L102},
      doi = {10.1088/2041-8205/714/1/L98},
   adsurl = {http://adsabs.harvard.edu/abs/2010ApJ...714L..98K},
  adsnote = {Provided by the SAO/NASA Astrophysics Data System}
}


@ARTICLE{turolla2015,
   author = {{Turolla}, R. and {Zane}, S. and {Watts}, A.~L.},
    title = "{Magnetars: the physics behind observations. A review}",
  journal = {Reports on Progress in Physics},
archivePrefix = "arXiv",
   eprint = {1507.02924},
 primaryClass = "astro-ph.HE",
     year = 2015,
    month = nov,
   volume = 78,
   number = 11,
      eid = {116901},
    pages = {116901},
      doi = {10.1088/0034-4885/78/11/116901},
   adsurl = {http://adsabs.harvard.edu/abs/2015RPPh...78k6901T},
  adsnote = {Provided by the SAO/NASA Astrophysics Data System}
}

@ARTICLE{huppenkothen2015,
   author = {{Huppenkothen}, D. and {Brewer}, B.~J. and {Hogg}, D.~W. and 
	{Murray}, I. and {Frean}, M. and {Elenbaas}, C. and {Watts}, A.~L. and 
	{Levin}, Y. and {van der Horst}, A.~J. and {Kouveliotou}, C.
	},
    title = "{Dissecting Magnetar Variability with Bayesian Hierarchical Models}",
  journal = {ApJ},
archivePrefix = "arXiv",
   eprint = {1501.05251},
 primaryClass = "astro-ph.HE",
 keywords = {methods: data analysis, methods: statistical, pulsars: individual: SGR J1550{\ndash}5418, stars: magnetars, stars: magnetic field, X-rays: bursts},
     year = 2015,
    month = sep,
   volume = 810,
      eid = {66},
    pages = {66},
      doi = {10.1088/0004-637X/810/1/66},
   adsurl = {http://adsabs.harvard.edu/abs/2015ApJ...810...66H},
  adsnote = {Provided by the SAO/NASA Astrophysics Data System}
}

@ARTICLE{huppenkothen2014,
   author = {{Huppenkothen}, D. and {D'Angelo}, C. and {Watts}, A.~L. and 
	{Heil}, L. and {van der Klis}, M. and {van der Horst}, A.~J. and 
	{Kouveliotou}, C. and {Baring}, M.~G. and {G{\"o}{\u g}{\"u}{\c s}}, E. and 
	{Granot}, J. and {Kaneko}, Y. and {Lin}, L. and {von Kienlin}, A. and 
	{Younes}, G.},
    title = "{Quasi-periodic Oscillations in Short Recurring Bursts of the Soft Gamma Repeater J1550-5418}",
  journal = {ApJ},
archivePrefix = "arXiv",
   eprint = {1404.2756},
 primaryClass = "astro-ph.HE",
 keywords = {methods: data analysis, methods: statistical, pulsars: individual: SGR J1550{\ndash}5418, stars: magnetic field, stars: neutron, X-rays: bursts},
     year = 2014,
    month = jun,
   volume = 787,
      eid = {128},
    pages = {128},
      doi = {10.1088/0004-637X/787/2/128},
   adsurl = {http://adsabs.harvard.edu/abs/2014ApJ...787..128H},
  adsnote = {Provided by the SAO/NASA Astrophysics Data System}
}

@ARTICLE{huppenkothen2013,
   author = {{Huppenkothen}, D. and {Watts}, A.~L. and {Uttley}, P. and {van der Horst}, A.~J. and 
	{van der Klis}, M. and {Kouveliotou}, C. and {G{\"o}{\v g}{\"u}{\c s}}, E. and 
	{Granot}, J. and {Vaughan}, S. and {Finger}, M.~H.},
    title = "{Quasi-periodic Oscillations and Broadband Variability in Short Magnetar Bursts}",
  journal = {ApJ},
archivePrefix = "arXiv",
   eprint = {1212.1011},
 primaryClass = "astro-ph.HE",
 keywords = {methods: data analysis, methods: statistical, pulsars: individual: SGR 0501+4516, stars: magnetic field, stars: neutron, X-rays: bursts },
     year = 2013,
    month = may,
   volume = 768,
      eid = {87},
    pages = {87},
      doi = {10.1088/0004-637X/768/1/87},
   adsurl = {http://adsabs.harvard.edu/abs/2013ApJ...768...87H},
  adsnote = {Provided by the SAO/NASA Astrophysics Data System}
}

@ARTICLE{cheng1996,
   author = {{Cheng}, B. and {Epstein}, R.~I. and {Guyer}, R.~A. and {Young}, A.~C.
	},
    title = "{Earthquake-like behaviour of soft {$\gamma$}-ray repeaters}",
  journal = {Nature},
     year = 1996,
    month = aug,
   volume = 382,
    pages = {518-520},
      doi = {10.1038/382518a0},
   adsurl = {http://adsabs.harvard.edu/abs/1996Natur.382..518C},
  adsnote = {Provided by the SAO/NASA Astrophysics Data System}
}

@ARTICLE{prieskorn2012,
   author = {{Prieskorn}, Z. and {Kaaret}, P.},
    title = "{Burst Fluence Distributions of Soft Gamma Repeaters 1806-20 and 1900+14 in the Rossi X-Ray Timing Explorer PCA Era}",
  journal = {ApJ},
archivePrefix = "arXiv",
   eprint = {1207.0045},
 primaryClass = "astro-ph.HE",
 keywords = {pulsars: individual: SGR 1806{\ndash}20 SGR 1900+14, stars: magnetars, stars: neutron, X-rays: bursts},
     year = 2012,
    month = aug,
   volume = 755,
      eid = {1},
    pages = {1},
      doi = {10.1088/0004-637X/755/1/1},
   adsurl = {http://adsabs.harvard.edu/abs/2012ApJ...755....1P},
  adsnote = {Provided by the SAO/NASA Astrophysics Data System}
}

@ARTICLE{kliem2000,
   author = {{Kliem}, B. and {Karlick{\'y}}, M. and {Benz}, A.~O.},
    title = "{Solar flare radio pulsations as a signature of dynamic magnetic reconnection}",
  journal = {A\&A},
   eprint = {astro-ph/0006324},
 keywords = {SUN: RADIO RADIATION, SUN: FLARES, SUN: CORONA, PLASMAS, MAGNETOHYDRODYNAMICS (MHD)},
     year = 2000,
    month = aug,
   volume = 360,
    pages = {715-728},
   adsurl = {http://adsabs.harvard.edu/abs/2000A%26A...360..715K},
  adsnote = {Provided by the SAO/NASA Astrophysics Data System}
}

@ARTICLE{ofman2006,
   author = {{Ofman}, L. and {Sui}, L.},
    title = "{Oscillations of Hard X-Ray Flare Emission Observed by RHESSI: Effects of Super-Alfv{\'e}nic Beams?}",
  journal = {ApJL},
 keywords = {Acceleration of Particles, Magnetohydrodynamics: MHD, Sun: Corona, Sun: Flares, Sun: Magnetic Fields, Sun: X-Rays, Gamma Rays, Waves},
     year = 2006,
    month = jun,
   volume = 644,
    pages = {L149-L152},
      doi = {10.1086/505622},
   adsurl = {http://adsabs.harvard.edu/abs/2006ApJ...644L.149O},
  adsnote = {Provided by the SAO/NASA Astrophysics Data System}
}

@ARTICLE{murray2009,
   author = {{Murray}, M.~J. and {van Driel-Gesztelyi}, L. and {Baker}, D.
	},
    title = "{Simulations of emerging flux in a coronal hole: oscillatory reconnection}",
  journal = {A\&A},
 keywords = {magnetohydrodynamics (MHD), methods: numerical, Sun: magnetic fields, Sun: atmosphere, Sun: flares, Sun: oscillations},
     year = 2009,
    month = jan,
   volume = 494,
    pages = {329-337},
      doi = {10.1051/0004-6361:200810406},
   adsurl = {http://adsabs.harvard.edu/abs/2009A%26A...494..329M},
  adsnote = {Provided by the SAO/NASA Astrophysics Data System}
}

@ARTICLE{edwin1983,
   author = {{Edwin}, P.~M. and {Roberts}, B.},
    title = "{Wave propagation in a magnetic cylinder}",
  journal = {Solar Physics},
 keywords = {Coronal Loops, Magnetoacoustic Waves, Plasma Cylinders, Solar Atmosphere, Solar Oscillations, Wave Propagation, Love Waves, Photosphere, Solar Magnetic Field},
     year = 1983,
    month = oct,
   volume = 88,
    pages = {179-191},
      doi = {10.1007/BF00196186},
   adsurl = {http://adsabs.harvard.edu/abs/1983SoPh...88..179E},
  adsnote = {Provided by the SAO/NASA Astrophysics Data System}
}

@ARTICLE{nakariakov2005,
   author = {{Nakariakov}, V.~M. and {Verwichte}, E.},
    title = "{Coronal Waves and Oscillations}",
  journal = {Living Reviews in Solar Physics},
     year = 2005,
    month = jul,
   volume = 2,
      doi = {10.12942/lrsp-2005-3},
   adsurl = {http://adsabs.harvard.edu/abs/2005LRSP....2....3N},
  adsnote = {Provided by the SAO/NASA Astrophysics Data System}
}

@ARTICLE{nakariakov2007,
   author = {{Nakariakov}, V.~M.},
    title = "{MHD oscillations in solar and stellar coronae: Current results and perspectives}",
  journal = {Advances in Space Research},
     year = 2007,
   volume = 39,
    pages = {1804-1813},
      doi = {10.1016/j.asr.2007.01.044},
   adsurl = {http://adsabs.harvard.edu/abs/2007AdSpR..39.1804N},
  adsnote = {Provided by the SAO/NASA Astrophysics Data System}
}

@ARTICLE{pascoe2007,
   author = {{Pascoe}, D.~J. and {Nakariakov}, V.~M. and {Arber}, T.~D.},
    title = "{Sausage oscillations of coronal loops}",
  journal = {A\&A},
 keywords = {Sun: corona, Sun: oscillations, Sun: flares, magnetohydrodynamics (MHD)},
     year = 2007,
    month = jan,
   volume = 461,
    pages = {1149-1154},
      doi = {10.1051/0004-6361:20065986},
   adsurl = {http://adsabs.harvard.edu/abs/2007A%26A...461.1149P},
  adsnote = {Provided by the SAO/NASA Astrophysics Data System}
}

@ARTICLE{asai2001,
   author = {{Asai}, A. and {Shimojo}, M. and {Isobe}, H. and {Morimoto}, T. and 
	{Yokoyama}, T. and {Shibasaki}, K. and {Nakajima}, H.},
    title = "{Periodic Acceleration of Electrons in the 1998 November 10 Solar Flare}",
  journal = {ApJL},
   eprint = {astro-ph/0111018},
 keywords = {Acceleration of Particles, Sun: Activity, Sun: Flares, Sun: Radio Radiation, Sun: X-Rays, Gamma Rays},
     year = 2001,
    month = nov,
   volume = 562,
    pages = {L103-L106},
      doi = {10.1086/338052},
   adsurl = {http://adsabs.harvard.edu/abs/2001ApJ...562L.103A},
  adsnote = {Provided by the SAO/NASA Astrophysics Data System}
}

@ARTICLE{nakariakov2003,
   author = {{Nakariakov}, V.~M. and {Melnikov}, V.~F. and {Reznikova}, V.~E.
	},
    title = "{Global sausage modes of coronal loops}",
  journal = {A\&A},
 keywords = {magnetohydrodynamics (MHD), waves, Sun: activity, Sun: corona, Sun: oscillations, Sun: radio pulsations},
     year = 2003,
    month = dec,
   volume = 412,
    pages = {L7-L10},
      doi = {10.1051/0004-6361:20031660},
   adsurl = {http://adsabs.harvard.edu/abs/2003A%26A...412L...7N},
  adsnote = {Provided by the SAO/NASA Astrophysics Data System}
}

@ARTICLE{melnikov2005,
   author = {{Melnikov}, V.~F. and {Reznikova}, V.~E. and {Shibasaki}, K. and 
	{Nakariakov}, V.~M.},
    title = "{Spatially resolved microwave pulsations of a flare loop}",
  journal = {A\&A},
 keywords = {magnetohydrodynamics (MHD), Sun: activity, Sun:, flares, Sun: oscillations, Sun: radio radiation},
     year = 2005,
    month = aug,
   volume = 439,
    pages = {727-736},
      doi = {10.1051/0004-6361:20052774},
   adsurl = {http://adsabs.harvard.edu/abs/2005A%26A...439..727M},
  adsnote = {Provided by the SAO/NASA Astrophysics Data System}
}

@ARTICLE{inglis2013,
   author = {{Inglis}, A.~R. and {Gilbert}, H.~R.},
    title = "{Hard X-Ray and Ultraviolet Emission during the 2011 June 7 Solar Flare}",
  journal = {ApJ},
archivePrefix = "arXiv",
   eprint = {1307.2874},
 primaryClass = "astro-ph.SR",
 keywords = {Sun: corona, Sun: flares, Sun: oscillations, Sun: X-rays, gamma rays},
     year = 2013,
    month = nov,
   volume = 777,
      eid = {30},
    pages = {30},
      doi = {10.1088/0004-637X/777/1/30},
   adsurl = {http://adsabs.harvard.edu/abs/2013ApJ...777...30I},
  adsnote = {Provided by the SAO/NASA Astrophysics Data System}
}

@ARTICLE{aigrain2015,
   author = {{Aigrain}, S. and {Hodgkin}, S.~T. and {Irwin}, M.~J. and {Lewis}, J.~R. and 
	{Roberts}, S.~J.},
    title = "{Precise time series photometry for the Kepler-2.0 mission}",
  journal = {MNRAS},
archivePrefix = "arXiv",
   eprint = {1412.6304},
 primaryClass = "astro-ph.IM",
 keywords = {methods: data analysis, techniques: photometric},
     year = 2015,
    month = mar,
   volume = 447,
    pages = {2880-2893},
      doi = {10.1093/mnras/stu2638},
   adsurl = {http://adsabs.harvard.edu/abs/2015MNRAS.447.2880A},
  adsnote = {Provided by the SAO/NASA Astrophysics Data System}
}

@INPROCEEDINGS{rasmussen2006,
    author = {Carl Edward Rasmussen},
    title = {Gaussian processes for machine learning},
    booktitle = {},
    year = {2006},
    publisher = {MIT Press}
}
@ARTICLE{simoes2015,
   author = {{Sim{\~o}es}, P.~J.~A. and {Hudson}, H.~S. and {Fletcher}, L.
	},
    title = "{Soft X-Ray Pulsations in Solar Flares}",
  journal = {Solar Physics},
archivePrefix = "arXiv",
   eprint = {1412.3045},
 primaryClass = "astro-ph.SR",
 keywords = {Flares, impulsive phase, Oscillations, solar, X-ray bursts, hard, X-ray bursts, soft},
     year = 2015,
    month = dec,
   volume = 290,
    pages = {3625-3639},
      doi = {10.1007/s11207-015-0691-2},
   adsurl = {http://adsabs.harvard.edu/abs/2015SoPh..290.3625S},
  adsnote = {Provided by the SAO/NASA Astrophysics Data System}
}

@ARTICLE{elenbaas2016,
   author = {{Elenbaas}, C. and {Watts}, A.~L. and {Turolla}, R. and {Heyl}, J.~S.
	},
    title = "{The impulsive phase of magnetar giant flares: assessing linear tearing as the trigger mechanism}",
  journal = {MNRAS},
archivePrefix = "arXiv",
   eprint = {1512.02122},
 primaryClass = "astro-ph.HE",
 keywords = {magnetic reconnection, stars: magnetars, X-rays: bursts},
     year = 2016,
    month = mar,
   volume = 456,
    pages = {3282-3295},
      doi = {10.1093/mnras/stv2860},
   adsurl = {http://adsabs.harvard.edu/abs/2016MNRAS.456.3282E},
  adsnote = {Provided by the SAO/NASA Astrophysics Data System}
}

